<?xml version="1.0" encoding="UTF-8"?><record xmlns="http://www.loc.gov/MARC21/slim" xmlns:cinclude="http://apache.org/cocoon/include/1.0" xmlns:zs="http://www.loc.gov/zing/srw/">
  <leader>00357cz  a2200121n  4500</leader>
  <controlfield tag="001">nr2007006381</controlfield>
  <controlfield tag="003">DLC</controlfield>
  <controlfield tag="005">20130323101739.0</controlfield>
  <controlfield tag="008">070403n| azannaabn          |n aaa     c</controlfield>
  <datafield tag="010" ind1=" " ind2=" ">
    <subfield code="a">nr2007006381</subfield>
  </datafield>
  <datafield tag="040" ind1=" " ind2=" ">
    <subfield code="a">CSt-Mus</subfield>
    <subfield code="b">eng</subfield>
    <subfield code="e">rda</subfield>
    <subfield code="c">CSt-Mus</subfield>
    <subfield code="d">DLC</subfield>
  </datafield>
  <datafield tag="100" ind1="1" ind2=" ">
    <subfield code="a">McCallum, David</subfield>
    <subfield code="c">(Didjeridu player)</subfield>
  </datafield>
  <datafield tag="670" ind1=" " ind2=" ">
    <subfield code="a">Musicworks. 96 [SR] 2006:</subfield>
    <subfield code="b">insert (David McCallum, didgeridoo)</subfield>
  </datafield>
</record>